@Article{venna10jmlr,
  author	= {J. Venna and J. Peltonen and K. Nybo and
		  H. Aidos and S. Kaski},
  title		= {Information retrieval perspective to nonlinear
		  dimensionality reduction for data visualization},
  journal	= {JMLR},
  year		= 2010,
  volume	= 11,
  pages		= {451-490},
  impactfactor	= {A},
  responsibleauthor={Kaski, Samuel},
  flags		= {AIRC HIIT}
}

@InCollection{peltonen13eurovis,
  author	= {J. Peltonen and M. Sandholm and S. Kaski},
  title		= {Information Retrieval Perspective to Interactive Data Visualization},
  booktitle	= {Proc. Eurovis 2013},
  year		= {2013},
}

@InCollection{hinton02,
  author	= {G. Hinton and S. T. Roweis},
  title		= {Stochastic Neighbor Embedding},
  booktitle	= {Proc. NIPS 2002},
  year		= {2002},
  publisher	= {MIT Press},
  pages		= {833--840}
}

@InCollection{yang13icml,
  author	= {Z. Yang and J. Peltonen and S. Kaski},
  title		= {Scalable Optimization of Neighbor Embedding for Visualization},
  booktitle	= {Proc. ICML 2013, JMLR W\&CP 28(2)},
  pages =     {127-135},
  year		= {2013},
}

@InCollection{vandermaaten13iclr,
  author	= {L. van der Maaten},
  title		= {{B}arnes-{H}ut-{SNE}},
  booktitle	= {ICLR 2013},
  year		= {2013},
  publisher	= {Available at arXiv}
}

@InCollection{yang10mlsp,
  author  = {Z. Yang and C. Wang and E. Oja},
  title   = {Multiplicative Updates for t-{SNE}},
  booktitle = {Proc. MLSP 2010},
  pages   = {19-23},
  year    = {2010},
  publisher = {IEEE}
}